    @Book{Knuth:1984:M,
      author =       "Donald E. Knuth",
      title =        "The {\MF}book",
      publisher =    "Addison-Wesley",
      year =         "1984",
    }
    
    @Book{Lamport:1994:LDP,
      author =       "Leslie Lamport",
      title =        "{\LaTeX}: {A} Document Preparation System",
      publisher =    "Addison-Wesley",
      year =         "1994",
      edition =      "2nd",
    }

