@article{Baker02limits,
 author = {Baker,, Simon and Kanade,, Takeo},
 title = {Limits on Super-Resolution and How to Break Them},
 journal = {IEEE Trans. Pattern Anal. Mach. Intell.},
 volume = {24},
 number = {9},
 year = {2002},
 issn = {0162-8828},
 pages = {1167--1183},
 publisher = {IEEE Computer Society},
 address = {Washington, DC, USA}
 }

@CONFERENCE{Amintoosi87using,
  AUTHOR =       {\noopsort{امین‌طوسی,محمود}{امین‌طوسی,محمود} and others},
  TITLE =        {استفاده از تجزیه ماتریس در وضوح برتر},
  BOOKTITLE =    {پنجمین کنفرانس بینائی ماشین},
  YEAR =         {1387},
  ORGANIZATION = {دانشگاه تبریز},
  ADDRESS =      {تبریز، ایران},
  PAGES = 		 {100-104},
  LANGUAGE =     {Persian}
}

@MASTERSTHESIS{پورموسی۸۸ارشد,
  AUTHOR =       {\noopsort{بپورموسی, امیرمسعود}{پورموسی, امیرمسعود}},
  TITLE =        {یک موضوع فیزیک},
  SCHOOL =       {دانشکده فیزیک، دانشگاه صنعتی‌شریف},
  YEAR =         {۱۳۸۸},
  MONTH =        {مرداد},
  NOTE = 		 {(در حال انجام)},
  LANGUAGE =     {Persian}
}

@MASTERSTHESIS{Khalighi07MscThesis,
  AUTHOR =       {Vafa Khalighi},
  TITLE =        {Category Theory},
  SCHOOL =       {Sydny Univ.},
  YEAR =         {2007},
  MONTH =        {April}
}

@PHDTHESIS{امیدعلی82دکترا,
  AUTHOR =       {\noopsort{امیدعلی, مهدی}{امیدعلی, مهدی}},
  TITLE =        {تابع هیلبرت},
  SCHOOL =       {دانشکده ریاضی، دانشگاه امیرکبیر},
  YEAR =         {1382},
  MONTH =        {تیر},
  LANGUAGE =     {Persian}
}

@MISC{خلیقی۸۷زی‌پرشین,
  AUTHOR =       {\noopsort{خلیقی,وفا}{خلیقی,وفا}  and امیدعلی, مهدی and  واحدی,مصطفی.},
  TITLE =        {زی‌پرشین (\lr{\XePersian}): بسته فارسی برای حروف‌چینی در \lr{\LaTeX2e}},
  HOWPUBLISHED =    {\lr{http://wiki.parsilatex.org}},
  YEAR =         {۱۳۸۷},  
  LANGUAGE =     {Persian}
  }

@BOOK{استالینگ۸۰کتاب,
  AUTHOR =       {\noopsort{استالینگ, ویلیام}{استالینگ, ویلیام}},
  EDITOR =       {برنجکوب, محمود},
  translator =   { صدیقی‌ مشکنانی, محسن and پدرام,حسین },
  TITLE =        {اصول طراحی و ویژگیهای داخلی سیستم‌های عامل},
  PUBLISHER =    {نشر شیخ بهایی},
  YEAR =         {۱۳۸۰},
  ADDRESS =      {اصفهان},
  edition =      {سوم},
  MONTH =        {بهار},
  LANGUAGE =     {Persian}
}
  
@ARTICLE{واحدی87,
  AUTHOR = 		{\noopsort{واحدی, مصطفی}{واحدی, مصطفی}},
  TITLE = 		{موضوعی جدید در هندسه محاسباتی},
  JOURNAL = 	{مجله فارسی نمونه},
  VOLUME = 		{1},
  YEAR = 		{1387},
  NUMBER = 		{2},
  MONTH = 		{آبان},
  PAGES = 		{22-30},
  LANGUAGE =  	{Persian}
}

@CONFERENCE{Amintoosi09regional,
  author =       {Mahmood Amintoosi and Mahmood Fathy and Nasser Mozayani},
  title =        {Regional Varying Image Super-Resolution},
  booktitle =    {(CSO 2009) The 2009 IEEE International Joint Conference on Computational Sciences and Optimization},
  year =         {2009},
  month =        {24-26 April},
  organization = {City University},
  address =      {Sanya, Hainan, China},
  pages =        {101-105}
}

@PHDTHESIS{Farsiu05thesis,
  AUTHOR =       {Sina Farsiu},
  TITLE =        {A Fast and Robust Framework for Image Fusion and Enhancement},
  SCHOOL =       {Electrical Engineeting},
  YEAR =         {2005},
  ADDRESS =      {UC Santa Cruz},
  MONTH =        {December}
}


@BOOK{Gonzalez02book,
  AUTHOR =      {Gonzalez,, Rafael C. and Woods,, Richard E.},
  TITLE =       {Digital Image Processing},
  PUBLISHER =   {Prentice-Hall, Inc.},
  YEAR =        {2006},
  ISBN = 		{013168728X},
  EDITION = 	{3rd},
  ADDRESS = {Upper Saddle River, NJ, USA},
}
 